%% LaTeX2e file `seminar.bib'
%% generated by the `filecontents' environment
%% from source `seminar' on 2022/12/02.
%%
 @online{erdoel,
  title   = {Kreisdiagramm erdoelverbrauch.svg},
  author  = {{C.lingg} and Frank Murmann},
  date    = {2011-09-26},
  url     = {https://de.wikipedia.org/wiki/Datei:Kreisdiagramm_erdoelverbrauch.svg},
  urldate = {2018-08-05},
 }
